@misc{bp-collector,
  author       = {skyleaworlder},
  title        = {bp-collector},
  year         = {2021}
}

@misc{cg-generator,
  author       = {skyleaworlder},
  title        = {cg-generator},
  year         = {2022}
}

@misc{deps-reflector,
  author       = {skyleaworlder},
  title        = {deps-reflector},
  year         = {2022}
}

@misc{diff-extractor,
  author       = {skyleaworlder},
  title        = {diff-extractor},
  year         = {2022}
}

@misc{manifest-refinement,
  author       = {skyleaworlder},
  title        = {manifest-refinement},
  year         = {2021}
}

@misc{ninja-hacked,
  author       = {skyleaworlder},
  title        = {ninja-hacked},
  year         = {2021-2022}
}

@misc{pkg-repo-tool,
  author       = {skyleaworlder},
  title        = {pkg-repo-tool},
  year         = {2021}
}

@misc{repo-crawler,
  author       = {skyleaworlder},
  title        = {repo-crawler},
  year         = {2021}
}